@MISC{MISC:1,
    AUTHOR="Rajagopal Venkatesaramani",
    TITLE="Personal Website",
    HOWPUBLISHED="\url{https://rajagopalvenkat.com/}",
    NOTE="Accessed: 2024-07-10"
}