@BOOK{BOOK:1,
    AUTHOR="Teera",
    TITLE="The Kid from Thailand",
    PUBLISHER="AAC Publisher",
    YEAR="2024",
}

@ARTICLE{ARTICLE:1,
    AUTHOR="Mohammed Kon",
    TITLE="Ally of the World",
    JOURNAL="Journal",
    YEAR="2011",
}